@article{bengio2003,
	title={A neural probabilistic language model},
	author={Bengio, Yoshua and Ducharme, R{\'e}jean and Vincent, Pascal and Jauvin, Christian},
	journal={Journal of machine learning research},
	volume={3},
	number={Feb},
	pages={1137--1155},
	year={2003}
}

@article{word2vec2013,
	title={Efficient Estimation of Word Representations in Vector Space}, 
  	author={Tom{\'{a}}s Mikolov and
           Kai Chen and
           Greg Corrado and
           Jeffrey Dean},
	year={2013},
	month={Sep},
	eprinttype={arXiv},
	eprint={1301.3781},
	primaryClass={cs.CL},
	url={https://arxiv.org/abs/1301.3781v3}
}


@article{mikolov2013exploiting,
  title={Exploiting Similarities among Languages for Machine Translation},
  author={Tom{\'{a}}s Mikolov and
          Quoc V. Le and
          Ilya Sutskever},
  year={2013},
  month={Sep},
  eprinttype={arXiv},
  eprint={1309.4168},
  primaryClass={cs.CL},
  url={http://arxiv.org/abs/1309.4168}
}


@misc{parrish2017,
	title={Understanding word vectors},
	url={https://gist.github.com/aparrish/2f562e3737544cf29aaf1af30362f469},
	journal={Github},
	author={Parrish, Allison},
	year={2017},
	month={Apr}
}

@misc{colyer2016,
	title={The amazing power of word vectors},
	url={https://blog.acolyer.org/2016/04/21/the-amazing-power-of-word-vectors/},
	journal={the morning paper},
	author={Colyer, Adrian},
	year={2016},
	month={Apr}
}

@InProceedings{paikens2020,
	author="Paikens, P{\={e}}teris
	and Znoti{\c{n}}{\v{s}}, Art{\={u}}rs
	and B{\={a}}rzdi{\c{n}}{\v{s}}, Guntis",
	editor="M{\'e}tais, Elisabeth
	and Meziane, Farid
	and Horacek, Helmut
	and Cimiano, Philipp",
	title="Human-in-the-Loop Conversation Agent for Customer Service",
	booktitle="Natural Language Processing and Information Systems",
	year="2020",
	month={Jun},
	publisher="Springer International Publishing",
	address="Cham",
	pages="277--284",
	url={https://link.springer.com/chapter/10.1007/978-3-030-51310-8_25},
	doi={https://doi.org/10.1007/978-3-030-51310-8_25},
	abstract="This paper describes a prototype system for partial automation of customer service operations of a mobile telecommunications operator with a human-in-the loop conversational agent. The agent consists of an intent detection system for identifying the types of customer requests that it can handle appropriately, a slot filling information extraction system that integrates with the customer service database for a rule-based treatment of the common scenarios, and a template-based language generation system that builds response candidates that can be approved or amended by customer service operators. The main focus of this paper is on the system architecture and machine learning system structure design, and the observations of a limited pilot study performed to evaluate the proposed system on customer messages in Latvian. We also discuss the business requirements and practical application limitations and their influence on the design of the natural language processing components.",
	isbn="978-3-030-51310-8"
}

@misc{mccormick2016,
	title={Word2Vec Tutorial - The Skip-Gram Model},
	url={http://mccormickml.com/2016/04/19/word2vec-tutorial-the-skip-gram-model/},
	author={Chris McCormick},
	year={2016},
	month={Apr}
}

@article{fasttext2019,
title={FastText-Based Intent Detection for Inflected Languages},
author={Balodis, Kaspars and Deksne, Daiga},
journal={Information},
volume={10},
year={2019},
number={5:161},
url={https://www.mdpi.com/2078-2489/10/5/161},
issn={2078-2489},
doi={10.3390/info10050161}
}